@Article{article,
	author = "Author1 LastName1 and Author2 LastName2 and Author3 LastName3",
	title = "Article Title",
	volume = "30",
	number = "30",
	pages = "10127-10134",
	year = "2013",
	doi = "10.3389/fnins.2013.12345",
	URL = "http://www.frontiersin.org/Journal/10.3389/fnins.2013.12345/abstract",
	journal = "Frontiers in Neuroscience"
}

@book{book,
  author    = {Author Name}, 
  title     = {The title of the work},
  publisher = {The name of the publisher},
  address   = {The city},
  year      = 1993,
}

@incollection{chapter,
  author       = {Bauthor Surname}, 
  title        = {The title of the work},
  editor       = {Editor Name},
  booktitle    = {The title of the book},
  publisher    = {The name of the publisher},
  address      = {The city},
  year         = 2002,
  pages        = {201-213},
}

@InProceedings{conference,
  author = {Cauthor Name and Dauthor Surname and Fauthor LastName},
  title = {The title of the work},
  booktitle = {The title of the conference proceedings},
  year = 1996,
  publisher = {The name of the publisher},
  editor = {Editor Name1 and Editor Name2},
  pages = {41-50},
}

@book{cho,
  author       = {Gauthor Name1}, 
  title        = {The title of the work},
  publisher = {Country code and patent number},
  address      = {Patent Country},
  year = 2013
}

@book{patent,
  author    = {Hauthor Surname1}, 
  title     = {The title of the work},
  publisher = {Patent number},
  address   = {Patent country},
  year      = 2010,
}

% please use misc for datasets
@misc{dataset, 
	author = "Author1 LastName1 and Author2 LastName2 and Author3 LastName3",
	title = "Data Title",
	year = "2011",
	doi = "10.000/55555",
	URL = "http://www.frontiersin.org/",
}

%initial dataset 
@article{liu2018lead,
    title={Lead Sheet Generation and Arrangement by Conditional Generative Adversarial Network},
    author={Hao-Min Liu and Yi-Hsuan Yang},
    year={2018},
    eprint={1807.11161},
    archivePrefix={arXiv},
    primaryClass={cs.SD}
}

@article{adam2014,
  title={Adam: A method for stochastic optimization},
  author={Kingma, Diederik P and Ba, Jimmy},
  journal={arXiv preprint arXiv:1412.6980},
  year={2014}
}

@inproceedings{Alpern1995TechniquesFA,
  title={Techniques for Algorithmic Composition of Music},
  author={Adam Alpern},
  year={1995}
}

@article{burns1997algorithmic,
  title={Algorithmic Composition: a Definition},
  author={Burns, Kristine H},
  journal={Florida International University},
  year={1997}
}

@misc{grout1996history,
  title={A history of Western music},
  author={Grout, Donald J and Palisca, Claude V},
  year={1996},
  publisher={New York: WW Norton \& Company}
}

@article{Stochos,
author = {Bokesoy, Sinan and Pape, Gerard},
title = {Stochos: Software for Real-Time Synthesis of Stochastic Music},
journal = {Computer Music Journal},
volume = {27},
number = {3},
pages = {33-43},
year = {2003},
doi = {10.1162/014892603322482510},
URL = {https://doi.org/10.1162/014892603322482510},
eprint = {https://doi.org/10.1162/014892603322482510}
}

@article{aiMethods,
  author    = {Jose David Fern{\'{a}}ndez Rodriguez and
               Francisco J. Vico},
  title     = {{AI} Methods in Algorithmic Composition: {A} Comprehensive Survey},
  journal   = {CoRR},
  volume    = {abs/1402.0585},
  year      = {2014},
  url       = {http://arxiv.org/abs/1402.0585},
  archivePrefix = {arXiv},
  eprint    = {1402.0585},
  timestamp = {Mon, 13 Aug 2018 16:48:35 +0200},
  biburl    = {https://dblp.org/rec/journals/corr/RodriguezV14.bib,
  bibsource = {dblp computer science bibliography, https://dblp.org}}
 }

@article{audibleDesign,
  title={Audible Design},
  author={T. Wishart},
  journal={OTP Ltd},
  year={1994}
}

@article{choral_bach,
 ISSN = {01489267, 15315169},
 URL = {http://www.jstor.org/stable/3680335},
 author = {Kemal EbcioÄŸlu},
 journal = {Computer Music Journal},
 number = {3},
 pages = {43--51},
 publisher = {The MIT Press},
 title = {An Expert System for Harmonizing Four-Part Chorales},
 volume = {12},
 year = {1988}
}

@article{phon2006chorale,
  title={Chorale harmonization: A view from a search control perspective},
  author={Phon-Amnuaisuk, Somnuk and Smaill, Alan and Wiggins, Geraint},
  journal={Journal of New Music Research},
  volume={35},
  number={4},
  pages={279--305},
  year={2006},
  publisher={Taylor \& Francis}
}

@inproceedings{miranda2001evolving,
  title={Evolving cellular automata music: From sound synthesis to composition},
  author={Miranda, Eduardo Reck},
  booktitle={Proceedings of 2001 Workshop on Artificial Life Models for Musical Applications},
  year={2001}
}

@article{burraston2005cellular,
  title={Cellular automata in generative electronic music and sonic art: a historical and technical review},
  author={Burraston, Dave and Edmonds, Ernest},
  journal={Digital Creativity},
  volume={16},
  number={3},
  pages={165--185},
  year={2005},
  publisher={Taylor \& Francis}
}

@article{burraston2006digital,
  title={Digital behaviors and generative music},
  author={Burraston, DM and Martin, AD},
  journal={Leonardo Eelectronic Almanac (LEA)},
  year={2006},
  publisher={MIT Press}
}

@book{miranda2007evolutionary,
  title={Evolutionary computer music},
  author={Miranda, Eduardo Reck and Al Biles, John},
  year={2007},
  publisher={Springer}
}

@inproceedings{solomos2005cellular,
  title={Cellular automata in Xenakis's music. Theory and Practice},
  author={Solomos, Makis},
  year={2005}
}

@inproceedings{millen2004interactive,
  title={An Interactive Cellular Automata Music Application in Cocoa.},
  author={Millen, Dale},
  booktitle={ICMC},
  year={2004}
}

@inproceedings{serquera2010evolutionary,
  title={Evolutionary sound synthesis: rendering spectrograms from cellular automata histograms},
  author={Serquera, Jaime and Miranda, Eduardo R},
  booktitle={European Conference on the Applications of Evolutionary Computation},
  pages={381--390},
  year={2010},
  organization={Springer}
}

@article{lindenmayer1968mathematical,
  title={Mathematical models for cellular interactions in development II. Simple and branching filaments with two-sided inputs},
  author={Lindenmayer, Aristid},
  journal={Journal of theoretical biology},
  volume={18},
  number={3},
  pages={300--315},
  year={1968},
  publisher={Elsevier}
}

@book{prusinkiewicz2012algorithmic,
  title={The algorithmic beauty of plants},
  author={Prusinkiewicz, Przemyslaw and Lindenmayer, Aristid},
  year={2012},
  publisher={Springer Science \& Business Media}
}

@article{mccormack1996grammar,
  title={Grammar based music composition},
  author={McCormack, Jon},
  journal={Complex systems},
  volume={96},
  pages={321--336},
  year={1996}
}

@inproceedings{prusinkiewicz1986graphical,
  title={Graphical applications of L-systems},
  author={Prusinkiewicz, Przemyslaw}
}

@article{manousakis2006musical,
  title={Musical L-systems},
  author={Manousakis, Stelios},
  journal={Koninklijk Conservatorium, The Hague (master thesis)},
  year={2006}
}

@inproceedings{kaliakatsos2012intelligent,
  title={Intelligent generation of rhythmic sequences using Finite L-systems},
  author={Kaliakatsos-Papakostas, Maximos A and Floros, Andreas and Vrahatis, Michael N},
  booktitle={2012 Eighth International Conference on Intelligent Information Hiding and Multimedia Signal Processing},
  pages={424--427},
  year={2012},
  organization={IEEE}
}

@inproceedings{kaliakatsos2012genetic,
  title={Genetic evolution of L and FL-systems for the production of rhythmic sequences},
  author={Kaliakatsos-Papakostas, Maximos A and Floros, Andreas and Kanellopoulos, Nikolaos and Vrahatis, Michael N},
  booktitle={Proceedings of the 14th annual conference companion on Genetic and evolutionary computation},
  pages={461--468},
  year={2012}
}

@inproceedings{reynolds1987flocks,
  title={Flocks, herds and schools: A distributed behavioral model},
  author={Reynolds, Craig W},
  booktitle={Proceedings of the 14th annual conference on Computer graphics and interactive techniques},
  pages={25--34},
  year={1987}
}

@inproceedings{blackwell2002improvised,
  title={Improvised music with swarms},
  author={Blackwell, Tim M and Bentley, Peter},
  booktitle={Proceedings of the 2002 Congress on Evolutionary Computation. CEC'02 (Cat. No. 02TH8600)},
  volume={2},
  pages={1462--1467},
  year={2002},
  organization={IEEE}
}

@article{blackwell2003swarm,
  title={Swarm music: improvised music with multi-swarms},
  author={Blackwell, Tim},
  journal={Artificial Intelligence and the Simulation of Behaviour, University of Wales},
  volume={10},
  pages={142--158},
  year={2003}
}

@inproceedings{blackwell2004swarm,
  title={Swarm granulator},
  author={Blackwell, Tim and Young, Michael},
  booktitle={Workshops on applications of evolutionary computation},
  pages={399--408},
  year={2004},
  organization={Springer}
}

@incollection{blackwell2008swarm,
  title={Swarm granulation},
  author={Blackwell, Tim},
  booktitle={The Art of Artificial Evolution},
  pages={103--122},
  year={2008},
  publisher={Springer}
}

@inproceedings{wilson2008spatial,
  title={Spatial Swarm Granulation.},
  author={Wilson, Scott},
  booktitle={ICMC},
  year={2008}
}

@inproceedings{kaliakatsos2014swarm,
  title={Swarm Lake: A Game of Swarm Intelligence, Human Interaction and Collaborative Music Composition},
  author={Kaliakatsos--Papakostas, M and Floros, Andreas and Drossos, Konstantinos and Koukoudis, Konstantinos and Kyzalas, Manolis and Kalantzis, Achilleas},
  booktitle={ICMC},
  year={2014}
}

@inproceedings{allan2005harmonising,
  title={Harmonising chorales by probabilistic inference},
  author={Allan, Moray and Williams, Christopher},
  booktitle={Advances in neural information processing systems},
  pages={25--32},
  year={2005}
}

@article{suzuki2013four,
  title={Four-part harmonization using probabilistic models: Comparison of models with and without chord nodes},
  author={Suzuki, Syunpei and Kitahara, Tetsuro and Univercity, Nihon},
  journal={Stockholm, Sweden},
  pages={628--633},
  year={2013}
}

@inproceedings{simon2008mysong,
  title={MySong: automatic accompaniment generation for vocal melodies},
  author={Simon, Ian and Morris, Dan and Basu, Sumit},
  booktitle={Proceedings of the SIGCHI conference on human factors in computing systems},
  pages={725--734},
  year={2008}
}

@article{raczynski2013melody,
  title={Melody harmonization with interpolated probabilistic models},
  author={Raczy{\'n}ski, Stanis{\l}aw A and Fukayama, Satoru and Vincent, Emmanuel},
  journal={Journal of New Music Research},
  volume={42},
  number={3},
  pages={223--235},
  year={2013},
  publisher={Taylor \& Francis}
}

@inproceedings{thornton2009hierarchical,
  title={Hierarchical markov modeling for generative music},
  author={Thornton, Chris},
  booktitle={ICMC},
  year={2009}
}

@inproceedings{paiement2005probabilistic,
  title={A probabilistic model for chord progressions},
  author={Paiement, Jean-Fran{\c{c}}ois and Eck, Douglas and Bengio, Samy},
  booktitle={Proceedings of the Sixth International Conference on Music Information Retrieval (ISMIR)},
  number={CONF},
  year={2005}
}

@inproceedings{paiement2006probabilistic,
  title={Probabilistic melodic harmonization},
  author={Paiement, Jean-Fran{\c{c}}ois and Eck, Douglas and Bengio, Samy},
  booktitle={Conference of the Canadian Society for Computational Studies of Intelligence},
  pages={218--229},
  year={2006},
  organization={Springer}
}

@article{fernandez2013ai,
  title={AI methods in algorithmic composition: A comprehensive survey},
  author={Fern{\'a}ndez, Jose D and Vico, Francisco},
  journal={Journal of Artificial Intelligence Research},
  volume={48},
  pages={513--582},
  year={2013}
}

@article{todd1989connectionist,
  title={A connectionist approach to algorithmic composition},
  author={Todd, Peter M},
  journal={Computer Music Journal},
  volume={13},
  number={4},
  pages={27--43},
  year={1989},
  publisher={JSTOR}
}

@book{todd1991music,
  title={Music and connectionism},
  author={Todd, Peter and Todd, Peter M and Loy, D Gareth},
  year={1991},
  publisher={Mit Press}
}

@inproceedings{mozer1991connectionist,
  title={Connectionist music composition based on melodic and stylistic constraints},
  author={Mozer, Michael C and Soukup, Todd},
  booktitle={Advances in Neural Information Processing Systems},
  pages={789--796},
  year={1991}
}

@article{mozer1994neural,
  title={Neural network music composition by prediction: Exploring the benefits of psychoacoustic constraints and multi-scale processing},
  author={Mozer, Michael C},
  journal={Connection Science},
  volume={6},
  number={2-3},
  pages={247--280},
  year={1994},
  publisher={Taylor \& Francis}
}

@inproceedings{eck2002learning,
  title={Learning the long-term structure of the blues},
  author={Eck, Douglas and Schmidhuber, J{\"u}rgen},
  booktitle={International Conference on Artificial Neural Networks},
  pages={284--289},
  year={2002},
  organization={Springer}
}

@inproceedings{sturm2015folk,
  title={Folk music style modelling by recurrent neural networks with long short term memory units},
  author={Sturm, Bob and Santos, Joao Felipe and Korshunova, Iryna},
  booktitle={16th International Society for Music Information Retrieval Conference},
  year={2015}
}

@article{sturm2016music,
  title={Music transcription modelling and composition using deep learning},
  author={Sturm, Bob L and Santos, Joao Felipe and Ben-Tal, Oded and Korshunova, Iryna},
  journal={arXiv preprint arXiv:1604.08723},
  year={2016}
}

@inproceedings{liang2017automatic,
  title={Automatic Stylistic Composition of Bach Chorales with Deep LSTM.},
  author={Liang, Feynman T and Gotham, Mark and Johnson, Matthew and Shotton, Jamie},
  booktitle={ISMIR},
  pages={449--456},
  year={2017}
}

@article{colombo2018learning,
  title={Learning to generate music with BachProp},
  author={Colombo, Florian and Brea, Johanni and Gerstner, Wulfram},
  journal={arXiv preprint arXiv:1812.06669},
  year={2018}
}


@inproceedings{hild1992harmonet,
  title={HARMONET: A neural net for harmonizing chorales in the style of JS Bach},
  author={Hild, Hermann and Feulner, Johannes and Menzel, Wolfram},
  booktitle={Advances in neural information processing systems},
  pages={267--274},
  year={1992}
}


@inproceedings{lehmann1996netneg,
  title={Netneg: A hybrid interactive architecture for composing polyphonic music in real time},
  author={Lehmann, Daniel and Ram, Givat},
  booktitle={Proceedings of the International Computer Music Conference},
  pages={133--140},
  year={1996}
}

@inproceedings{hadjeres2017deepbach,
  title={Deepbach: a steerable model for bach chorales generation},
  author={Hadjeres, Ga{\"e}tan and Pachet, Fran{\c{c}}ois and Nielsen, Frank},
  booktitle={Proceedings of the 34th International Conference on Machine Learning-Volume 70},
  pages={1362--1371},
  year={2017},
  organization={JMLR. org}
}

@inproceedings{verbeurgt2004hybrid,
  title={A hybrid Neural-Markov approach for learning to compose music by example},
  author={Verbeurgt, Karsten and Fayer, Mikhail and Dinolfo, Michael},
  booktitle={Conference of the Canadian Society for Computational Studies of Intelligence},
  pages={480--484},
  year={2004},
  organization={Springer}
}

@article{choi2016text,
  title={Text-based LSTM networks for automatic music composition},
  author={Choi, Keunwoo and Fazekas, George and Sandler, Mark},
  journal={arXiv preprint arXiv:1604.05358},
  year={2016}
}

@inproceedings{brunner2017jambot,
  title={JamBot: Music theory aware chord based generation of polyphonic music with LSTMs},
  author={Brunner, Gino and Wang, Yuyi and Wattenhofer, Roger and Wiesendanger, Jonas},
  booktitle={2017 IEEE 29th International Conference on Tools with Artificial Intelligence (ICTAI)},
  pages={519--526},
  year={2017},
  organization={IEEE}
}

@article{chu2016song,
  title={Song from PI: A musically plausible network for pop music generation},
  author={Chu, Hang and Urtasun, Raquel and Fidler, Sanja},
  journal={arXiv preprint arXiv:1611.03477},
  year={2016}
}

@inproceedings{hidaka1995automatic,
  title={An automatic jazz accompaniment system reacting to solo},
  author={Hidaka, Isao and Goto, Masataka and Muraoka, Yoichi},
  booktitle={In Proc. of ICMC},
  year={1995},
  organization={Citeseer}
}

@inproceedings{johnson2017learning,
  title={Learning to Create Jazz Melodies Using a Product of Experts.},
  author={Johnson, Daniel D and Keller, Robert M and Weintraut, Nicholas},
  booktitle={ICCC},
  pages={151--158},
  year={2017}
}

@article{pachet2003continuator,
  title={The continuator: Musical interaction with style},
  author={Pachet, Francois},
  journal={Journal of New Music Research},
  volume={32},
  number={3},
  pages={333--341},
  year={2003},
  publisher={Taylor \& Francis}
}

@inproceedings{trieu2018jazzgan,
  title={JazzGAN: Improvising with generative adversarial networks},
  author={Trieu, Nicholas and Keller, Robert M},
  booktitle={Proc. of the 6th International Workshop on Musical Metacreation (MUME)},
  year={2018}
}

@inproceedings{wang2019jazz,
  title={Jazz Music Generation Based on Grammar and LSTM},
  author={Wang, Jingling and Wang, Xiaodong and Cai, Juanjuan},
  booktitle={2019 11th International Conference on Intelligent Human-Machine Systems and Cybernetics (IHMSC)},
  volume={1},
  pages={115--120},
  year={2019},
  organization={IEEE}
}

@inproceedings{de2017kind,
  title={A Kind of Bio-inspired Learning of mUsic stylE},
  author={De Prisco, Roberto and Malandrino, Delfina and Zaccagnino, Gianluca and Zaccagnino, Rocco and Zizza, Rosalba},
  booktitle={International Conference on Evolutionary and Biologically Inspired Music and Art},
  pages={97--113},
  year={2017},
  organization={Springer}
}

@article{hori2017jazz,
  title={Jazz piano trio synthesizing system based on HMM and DNN},
  author={Hori, Takeshi and Nakamura, Kazuyuki and Sagayama, Shigeki and Univerisity, Meiji},
  journal={Proc. 14th SMC},
  pages={153--158},
  year={2017}
}

@book{benward1997music,
  title={Music in theory and practice},
  author={Benward, Bruce and Saker, Marilyn Nadine},
  volume={7},
  year={1997},
  publisher={McGraw-Hill}
}

@book{huron2006sweet,
  title={Sweet anticipation: Music and the psychology of expectation},
  author={Huron, David Brian},
  year={2006},
  publisher={MIT press}
}

@misc{keller2010impro,
  title={Impro-Visor Leadsheet Notation},
  author={Keller, RM},
  year={2010}
}

@article{margulis2007surprise,
  title={Surprise and listening ahead: Analytic engagements with musical tendencies},
  author={Margulis, Elizabeth Hellmuth},
  journal={Music Theory Spectrum},
  volume={29},
  number={2},
  pages={197--217},
  year={2007},
  publisher={University of California Press}
}

@InProceedings{Phon_bach_2002,
author="Phon-Amnuaisuk, Somnuk",
editor="Anagnostopoulou, Christina
and Ferrand, Miguel
and Smaill, Alan",
title="Control Language for Harmonisation Process",
booktitle="Music and Artificial Intelligence",
year="2002",
publisher="Springer Berlin Heidelberg",
address="Berlin, Heidelberg",
pages="155--167",
abstract="An approach to the automatic harmonisation of chorales is described. This involves using musical rules about this style of music, and controlling the use of these rules when searching for a harmonisation. To gain more control over the search process, control knowledge is explicitly represented, allowing a hierarchical decomposition of the harmonisation process. When the control knowledge is made explicit, the control structures can be modified with ease and flexibility. When the control is hierarchically structured, the effects of its application are clear. Our explicitly structured control model provides flexibility, and automatically generates natural harmonisations. In this paper, we present our control language and some harmonisation outputs to show the flexibility of the language.",
isbn="978-3-540-45722-0"
}

@inproceedings{apergisSonoids2018,
  title={SONOIDS: Interactive Sound Synthesis Driven by Emergent Social Behaviour in the Sonic Domain},
  author={Apergis, A. and Floros, A. and Kaliakatsos--Papakostas, M.},
 booktitle = {Proceeding of the 15th Sound and Music Computing Conference (SMC)},
 series = {SMC 2018},
 year = {2018},
 location = {Limassol, Cyprus},
}

%kaliakatsos2020artificial
@incollection{maxim_kal_pap_book,
  title={Artificial intelligence methods for music generation: a review and future perspectives},
  author={Kaliakatsos-Papakostas, Maximos and Floros, Andreas and Vrahatis, Michael N},
  booktitle={Nature-Inspired Computation and Swarm Intelligence},
  pages={217--245},
  year={2020},
  publisher={Elsevier}
}
